{
  "leader": "03923cam a2200433 a 4500",
  "fields": [
    {
      "001": "ocm29600852\\"
    },
    {
      "003": "OCoLC"
    },
    {
      "005": "20220105111730.0"
    },
    {
      "008": "931214s1994\\\\\\\\nyu\\\\\\\\\\\\b\\\\\\\\001\\0\\eng\\\\"
    },
    {
      "010": {
        "ind1": "\\",
        "ind2": "\\",
        "subfields": [
          {
            "a": "   93046396 "
          }
        ]
      }
    },
    {
      "040": {
        "ind1": "\\",
        "ind2": "\\",
        "subfields": [
          {
            "a": "DLC"
          },
          {
            "b": "eng"
          },
          {
            "c": "DLC"
          },
          {
            "d": "NLM"
          },
          {
            "d": "CNU"
          },
          {
            "d": "UKM"
          },
          {
            "d": "BAKER"
          },
          {
            "d": "NLGGC"
          },
          {
            "d": "BTCTA"
          },
          {
            "d": "LVB"
          },
          {
            "d": "YDXCP"
          },
          {
            "d": "UBC"
          },
          {
            "d": "OCLCF"
          },
          {
            "d": "OCLCQ"
          },
          {
            "d": "EUX"
          },
          {
            "d": "OCLCQ"
          },
          {
            "d": "IL4J6"
          },
          {
            "d": "OCLCO"
          }
        ]
      }
    },
    {
      "015": {
        "ind1": "\\",
        "ind2": "\\",
        "subfields": [
          {
            "a": "GBA106682"
          },
          {
            "2": "bnb"
          }
        ]
      }
    },
    {
      "016": {
        "ind1": "7",
        "ind2": "\\",
        "subfields": [
          {
            "a": "9441711"
          },
          {
            "2": "DNLM"
          }
        ]
      }
    },
    {
      "020": {
        "ind1": "\\",
        "ind2": "\\",
        "subfields": [
          {
            "z": "0456030203"
          }
        ]
      }
    },
    {
      "020": {
        "ind1": "\\",
        "ind2": "\\",
        "subfields": [
          {
            "a": "0465030203"
          }
        ]
      }
    },
    {
      "020": {
        "ind1": "\\",
        "ind2": "\\",
        "subfields": [
          {
            "a": "9780465030200"
          }
        ]
      }
    },
    {
      "035": {
        "ind1": "\\",
        "ind2": "\\",
        "subfields": [
          {
            "a": "(OCoLC)29600852"
          }
        ]
      }
    },
    {
      "050": {
        "ind1": "0",
        "ind2": "0",
        "subfields": [
          {
            "a": "HQ60"
          },
          {
            "b": ".B85 1994"
          }
        ]
      }
    },
    {
      "060": {
        "ind1": "0",
        "ind2": "0",
        "subfields": [
          {
            "a": "HQ 60"
          },
          {
            "b": "B938s 1994"
          }
        ]
      }
    },
    {
      "082": {
        "ind1": "0",
        "ind2": "0",
        "subfields": [
          {
            "a": "306.7072"
          },
          {
            "b": "BUL"
          }
        ]
      }
    },
    {
      "100": {
        "ind1": "1",
        "ind2": "\\",
        "subfields": [
          {
            "a": "Bullough, Vern L."
          }
        ]
      }
    },
    {
      "245": {
        "ind1": "1",
        "ind2": "0",
        "subfields": [
          {
            "a": "Science in the bedroom :"
          },
          {
            "b": "a history of sex research /"
          },
          {
            "c": "Vern L. Bullough."
          }
        ]
      }
    },
    {
      "260": {
        "ind1": "\\",
        "ind2": "\\",
        "subfields": [
          {
            "a": "New York :"
          },
          {
            "b": "BasicBooks,"
          },
          {
            "c": "\u00a91994."
          }
        ]
      }
    },
    {
      "300": {
        "ind1": "\\",
        "ind2": "\\",
        "subfields": [
          {
            "a": "376 pages ;"
          },
          {
            "c": "25 cm"
          }
        ]
      }
    },
    {
      "336": {
        "ind1": "\\",
        "ind2": "\\",
        "subfields": [
          {
            "a": "text"
          },
          {
            "b": "txt"
          },
          {
            "2": "rdacontent"
          }
        ]
      }
    },
    {
      "337": {
        "ind1": "\\",
        "ind2": "\\",
        "subfields": [
          {
            "a": "unmediated"
          },
          {
            "b": "n"
          },
          {
            "2": "rdamedia"
          }
        ]
      }
    },
    {
      "338": {
        "ind1": "\\",
        "ind2": "\\",
        "subfields": [
          {
            "a": "volume"
          },
          {
            "b": "nc"
          },
          {
            "2": "rdacarrier"
          }
        ]
      }
    },
    {
      "504": {
        "ind1": "\\",
        "ind2": "\\",
        "subfields": [
          {
            "a": "Includes bibliographical references (pages 301-359) and index."
          }
        ]
      }
    },
    {
      "505": {
        "ind1": "0",
        "ind2": "\\",
        "subfields": [
          {
            "a": "Sex research and assumptions: from the Greeks to the nineteenth century -- Homosexuality and other factors in brining about sex research -- Hirschfeld, Ellis, and Freud -- The American experience -- Endocrinology research and changing attitudes -- From Freud to biology to Kinsey -- From statistics to sexology -- The matter of gender: masculinity, femininity, and cross-gender behavior -- Other voices, other views -- Probles of an emerging science."
          }
        ]
      }
    },
    {
      "520": {
        "ind1": "\\",
        "ind2": "\\",
        "subfields": [
          {
            "a": "From the first serious sex research study ever undertaken (in France with a group of Prostitutes in 1830) to the work of Masters and Johnson in our own day, sex research has been a field mired in controversy. Science in the Bedroom shows how, for most of its history and in whatever country it has been undertaken, sex research has been driven by forces outside itself. Among those forces have been groups marginalized as deviant, including homosexuals, free-love advocates, and feminists; courts and governments in search of independent data to support public morality standards; the desires of women for safe and effective contraceptive devices freely disseminated; the desire of doctors to medicalize all sex research and to view only the research that produces treatment therapies as valuable; and the fears of public funding institutes that their images will be sullied if they support independent sex research. The book traces how this moral overtone led the Rockefeller family to support sex research and how their money led to basic scientific breakthroughs in the l92Os and 1930s, culminating in the Kinsey studies. The backlash was so great, however, that the Rockefeller foundation dropped its sex studies. Based on archival sources and extensive personal interviews, Science in the Bedroom celebrates the lives and work of the major figures who risked their academic reputations to work in a stigmatized field. Vern L. Bullough emphasizes the difficulty of researching sex, since it involves not only biology but psychology, sociology, anthropology, history, literature, and a variety of professions, including medicine, religion, law, nursing, and social work. Containing fascinating new material on the efforts of a group of turn-of-the-century German homosexuals to decriminalize homosexuality, and on such important but largely forgotten female sex researchers as Katherine Bement Davis and Clelia Mosher, the book credits courageous homosexuals and feminists for much of the best early work."
          }
        ]
      }
    },
    {
      "650": {
        "ind1": "\\",
        "ind2": "0",
        "subfields": [
          {
            "a": "Sexology"
          },
          {
            "x": "Research"
          },
          {
            "x": "History."
          }
        ]
      }
    },
    {
      "650": {
        "ind1": "1",
        "ind2": "2",
        "subfields": [
          {
            "a": "Sex"
          }
        ]
      }
    },
    {
      "650": {
        "ind1": "2",
        "ind2": "2",
        "subfields": [
          {
            "a": "Research"
          },
          {
            "x": "history"
          }
        ]
      }
    },
    {
      "650": {
        "ind1": "\\",
        "ind2": "7",
        "subfields": [
          {
            "a": "Sexology"
          },
          {
            "x": "Research."
          },
          {
            "2": "fast"
          },
          {
            "0": "(OCoLC)fst01114745"
          }
        ]
      }
    },
    {
      "655": {
        "ind1": "\\",
        "ind2": "7",
        "subfields": [
          {
            "a": "History."
          },
          {
            "2": "fast"
          },
          {
            "0": "(OCoLC)fst01411628"
          }
        ]
      }
    },
    {
      "776": {
        "ind1": "0",
        "ind2": "8",
        "subfields": [
          {
            "i": "Online version:"
          },
          {
            "a": "Bullough, Vern L."
          },
          {
            "t": "Science in the bedroom."
          },
          {
            "d": "New York : BasicBooks, \u00a91994"
          },
          {
            "w": "(OCoLC)624183322"
          }
        ]
      }
    },
    {
      "994": {
        "ind1": "\\",
        "ind2": "\\",
        "subfields": [
          {
            "a": "Z0"
          },
          {
            "b": "NYRVC"
          }
        ]
      }
    },
    {
      "948": {
        "ind1": "\\",
        "ind2": "\\",
        "subfields": [
          {
            "h": "NO HOLDINGS IN NYRVC - 583 OTHER HOLDINGS"
          }
        ]
      }
    },
    {
      "999": {
        "ind1": "\\",
        "ind2": "\\",
        "subfields": [
          {
            "a": "00000000014563"
          }
        ]
      }
    }
  ]
}